% This file was created with JabRef 2.9.2.
% Encoding: UTF8

@misc{tiobe,
  author = {Tiobe Company},
  title = {TIOBE Index for October 2018},
  howpublished = {\url{https://www.tiobe.com/tiobe-index}},
  note = {Acessado em: 18-09-2018}
}

@misc{scala,
  author = {Scala contributors},
  title = {The Scala Programming Language.},
  howpublished = {\url{https://www.scala-lang.org/}},
  note = {Acessado em: 18-09-2018}
}

@misc{wiki_scala,
  author = {Wikipedia contributors},
  title = {Scala (programming language)},
  howpublished = {\url{https://en.wikipedia.org/wiki/Scala\_(programming\_language)}},
  note = {Acessado em: 18-09-2018}
}

@misc{wiki_java,
  author = {Wikipedia contributors},
  title = {Java (programming language)},
  howpublished = {\url{https://en.wikipedia.org/wiki/Java_(programming_language) }},
  note = {Acessado em: 15-11-2018}
}

@misc{wiki_future,
  author = {Wikipedia contributors},
  title = {Futures and promises},
  howpublished = {\url{https://en.wikipedia.org/wiki/Futures_and_promises}},
  note = {Acessado em: 15-11-2018}
}

@misc{wiki_oo,
  author = {Wikipedia contributors},
  title = {Orientação a Objetos},
  howpublished = {\url{https://pt.wikipedia.org/wiki/Orienta\%C3\%A7\%C3\%A3o_a_objetos}},
  note = {Acessado em: 15-11-2018}
}

@misc{alvin,
  author = {Alvin Alexander},
  title = {scala - Tutorials about the Scala programming language.},
  howpublished = {\url{https://alvinalexander.com/scala/}},
  note = {Acessado em: 15-11-2018}
}

@misc{akka,
  author = {Akka Team},
  title = {Build powerful reactive, concurrent, and distributed applications more easily},
  howpublished = {\url{https://akka.io/}},
  note = {Acessado em: 15-11-2018}
}

@misc{wiki_corrida,
  author = {Wikipedia contributors},
  title = {Condição de corrida},
  howpublished = {\url{https://pt.wikipedia.org/wiki/Condi\%C3\%A7\%C3\%A3o_de_corrida}},
  note = {Acessado em: 15-11-2018}
}

@misc{stack,
  author = {StackOverflow User},
  title = {O que é uma linguagem de multi-paradigmas?},
  howpublished = {\url{https://pt.stackoverflow.com/questions/129597/o-que-\%C3\%A9-uma-linguagem-de-multi-paradigmas}},
  note = {Acessado em: 15-11-2018}
}

@misc{plumbr,
  author = {Plumbr company},
  title = {GC Algorithms: Implementations},
  howpublished = {\url{https://plumbr.io/handbook/garbage-collection-algorithms-implementations}},
  note = {Acessado em: 15-11-2018}
}


@misc{oracle,
  author = {Oracle company},
  title = {Java API Documentation},
  howpublished = {\url{https://docs.oracle.com/javase/8/javafx/api/allclasses-noframe.html}},
  note = {Acessado em: 15-11-2018}
}

@misc{intellij,
  author = {JetBrains Company},
  title = {IntelliJ IDEA: The Java IDE for Professional Developers by JetBrains},
  howpublished = {\url{https://www.jetbrains.com/idea/}},
  note = {Acessado em: 15-11-2018}
}

@misc{lricjgs,
title	= {Loop Recognition in C++/Java/Go/Scala},
author	= {Robert Hundt},
year	= {2011},
URL	= {https://days2011.scala-lang.org/sites/days2011/files/ws3-1-Hundt.pdf},
booktitle	= {Proceedings of Scala Days 2011}
}

@misc{matt,
  author = {Matt Hicks},
  title = {Scala vs. Java: Why Should I Learn Scala?},
  howpublished = {\url{https://www.toptal.com/scala/why-should-i-learn-scala}},
  note = {Acessado em: 15-11-2018}
}